@book{carmona_delarue_2018_mfg,
  author    = {Ren{\'e} Carmona and Fran{\c{c}}ois Delarue},
  title     = {Probabilistic Theory of Mean Field Games with Applications},
  publisher = {Springer},
  year      = {2018}
}

@book{cardaliaguet_delarue_lasry_lions_2019,
  author    = {Pierre Cardaliaguet and Fran{\c{c}}ois Delarue and Jean{-}Michel Lasry and Pierre{-}Louis Lions},
  title     = {The Master Equation and the Convergence Problem in Mean Field Games},
  publisher = {Princeton University Press},
  year      = {2019}
}

@article{lasry_lions_2007,
  author  = {Jean{-}Michel Lasry and Pierre{-}Louis Lions},
  title   = {Mean field games},
  journal = {Japanese Journal of Mathematics},
  year    = {2007},
  volume  = {2},
  number  = {1},
  pages   = {229--260}
}

@inproceedings{zaheer2017deepsets,
  author    = {Manzil Zaheer and Satwik Kottur and Siamak Ravanbakhsh and Barnab{\'a}s P{\'o}czos and Ruslan Salakhutdinov and Alexander Smola},
  title     = {Deep Sets},
  booktitle = {Advances in Neural Information Processing Systems (NeurIPS)},
  year      = {2017},
  volume    = {30}
}

@misc{mou_zhang_cn_master,
  author = {Chao{-}Hui Mou and Jianfeng Zhang},
  title  = {Second-order master equations with common noise and displacement monotonicity},
  note   = {Working papers / journal articles; see also related notes by Gangbo--M{\'e}sz{\'a}ros--Mou--Zhang},
  year   = {n.d.}
}

@article{zhang_2005_value_premium,
  author  = {Lu Zhang},
  title   = {The value premium},
  journal = {Journal of Finance},
  year    = {2005},
  volume  = {60},
  number  = {1},
  pages   = {67--103}
}

@article{duffie_epstein_1992,
  author  = {Darrell Duffie and Larry G. Epstein},
  title   = {Stochastic Differential Utility},
  journal = {Econometrica},
  year    = {1992},
  volume  = {60},
  number  = {2},
  pages   = {353--394}
}

@misc{Sauzet2023,
  author = {Maxime Sauzet},
  title  = {Recursive preferences in continuous time and implications for asset pricing},
  year   = {2023},
  note   = {Working paper; aggregator normalisation consistent with Definition~\ref{def:ez}}
}

