@misc{Sauzet2023,
  author       = {Mathieu Sauzet},
  title        = {Recursive preferences in continuous time and implications for asset pricing},
  year         = {2023},
  note         = {Working paper},
  url          = {https://example.org/sauzet-ez-ct-2023},
  urldate      = {2025-09-08}
}
@article{lasry_lions_2007_mfg,
  author  = {Lasry, Jean-Michel and Lions, Pierre-Louis},
  title   = {Mean field games},
  journal = {Comptes Rendus Math{\'e}matique},
  volume  = {345},
  number  = {6},
  pages   = {331--335},
  year    = {2007}
}

@book{cardaliaguet_delarue_lasry_lions_2019,
  author    = {Cardaliaguet, Pierre and Delarue, Fran{\c{c}}ois and Lasry, Jean-Michel and Lions, Pierre-Louis},
  title     = {The Master Equation and the Convergence Problem in Mean Field Games},
  series    = {Annals of Mathematics Studies},
  publisher = {Princeton University Press},
  year      = {2019}
}

@book{carmona_delarue_2018_mfg,
  author    = {Carmona, Ren{\'e} and Delarue, Fran{\c{c}}ois},
  title     = {Probabilistic Theory of Mean Field Games with Applications I: Mean Field FBSDEs, Control, and Games},
  publisher = {Springer},
  series    = {Probability Theory and Stochastic Modelling},
  volume    = {83},
  year      = {2018}
}

@article{duffie_epstein_1992,
  author  = {Duffie, Darrell and Epstein, Larry G.},
  title   = {Stochastic Differential Utility},
  journal = {Econometrica},
  volume  = {60},
  number  = {2},
  pages   = {353--394},
  year    = {1992}
}

@inproceedings{zaheer2017deepsets,
  author    = {Zaheer, Manzil and Kottur, Satwik and Ravanbakhsh, Siamak and Poczos, Barnabas and Salakhutdinov, Ruslan and Smola, Alexander},
  title     = {Deep Sets},
  booktitle = {Advances in Neural Information Processing Systems (NeurIPS)},
  year      = {2017}
}
