@incollection{Bachouch2022,
  title={Deep learning for pricing and hedging of derivatives on assets with jumps},
  author={Bachouch, A. and Hur{\'e}, C. and Langren{\'e}, N. and Pham, H.},
  booktitle={Machine Learning and Data Sciences for Financial Markets},
  pages={209--246},
  year={2022},
  publisher={Chapman and Hall/CRC}
}
@article{BarlesBuckdahnPardoux1997,
  title={Backward stochastic differential equations and integral-partial differential equations},
  author={Barles, G. and Buckdahn, R. and Pardoux, E.},
  journal={Stochastics and Stochastics Reports},
  volume={60},
  number={1-2},
  pages={57--83},
  year={1997}
}
@article{Beck2019,
    title={Deep splitting method for parabolic {PDEs}},
    author={Beck, Christian and Becker, Sebastian and Cheridito, Patrick and Jentzen, Arnulf and Neufeld, Ariel},
    journal={arXiv preprint arXiv:1907.03452},
    year={2019}
}
@article{BenderSteiner2012,
  title={A Posteriori Estimates for Backward SDEs},
  author={Bender, C. and Steiner, J.},
  journal={SIAM/ASA Journal on Uncertainty Quantification},
  volume={1},
  number={1},
  pages={139--163},
  year={2012}
}
@article{Carmona2016,
  title={Mean field games with common noise},
  author={Carmona, R. and Delarue, F. and Lacker, D.},
  journal={The Annals of Probability},
  volume={44},
  number={6},
  pages={3740--3803},
  year={2016}
}
@article{ChanKogan2002,
  title={Catching up with the Joneses: Heterogeneous preferences and the dynamics of asset prices},
  author={Chan, Y. L. and Kogan, L.},
  journal={The Journal of Finance},
  volume={57},
  number={6},
  pages={2689--2725},
  year={2002}
}
@article{CheriditoNam2017,
  title={Multidimensional quadratic and subquadratic BSDEs with special structure},
  author={Cheridito, Patrick and Nam, Kihun},
  journal={Stochastics},
  volume={89},
  number={1},
  pages={239--255},
  year={2017}
}
@article{ContFournie2013,
  title={Functional It{\^o} calculus and stochastic integral representation of martingales},
  author={Cont, R. and Fourni{\'e}, D. A.},
  journal={The Annals of Probability},
  volume={41},
  number={1},
  pages={109--133},
  year={2013}
}
@article{DomelevoWarin2023,
  title={The one-step Malliavin scheme for BSDEs},
  author={Domelevo, K. and Lemor, J. P. and Warin, X.},
  journal={arXiv preprint arXiv:2301.09194},
  year={2023}
}
@book{Duffie2001,
  title={Dynamic Asset Pricing Theory (3rd ed.)},
  author={Duffie, D.},
  year={2001},
  publisher={Princeton University Press}
}
@article{Dumas1989,
  title={Two-Person Dynamic Equilibrium in the Capital Market},
  author={Dumas, B.},
  journal={The Review of Financial Studies},
  volume={2},
  number={2},
  pages={157--188},
  year={1989}
}
@article{EHanJentzen2017,
  title={Deep learning-based numerical methods for high-dimensional parabolic partial differential equations and backward stochastic differential equations},
  author={E, W. and Han, J. and Jentzen, A.},
  journal={Communications in Mathematics and Statistics},
  volume={5},
  number={4},
  pages={349--380},
  year={2017}
}
@article{FigueroaNisen2018,
  title={On the path behavior of the solution to the stochastic mortgage problem},
  author={Figueroa-L{\'o}pez, J. E. and Nisen, J.},
  journal={arXiv preprint arXiv:1804.06941},
  year={2018}
}
@article{ForetEtAl2021,
  title={Sharpness-Aware Minimization for Efficiently Improving Generalization},
  author={Foret, Pierre and Kleiner, Ariel and Mobahi, Hossein and Neyshabur, Behnam},
  journal={International Conference on Learning Representations (ICLR)},
  year={2021}
}
@article{Giles2008,
  title={Multilevel Monte Carlo path simulation},
  author={Giles, M. B.},
  journal={Operations Research},
  volume={56},
  number={3},
  pages={607--617},
  year={2008}
}
@article{Gobet2005,
  title={A regression-based Monte Carlo method to solve backward stochastic differential equations},
  author={Gobet, E. and Lemor, J. P. and Warin, X.},
  journal={The Annals of Applied Probability},
  volume={15},
  number={3},
  pages={2172--2202},
  year={2005}
}
@article{Goudenegge2020,
  title={Convergence of a Robust Deep FBSDE Method for Stochastic Control},
  author={Gouden\`ege, L. and Molent, A. and Zanette, A.},
  journal={SIAM Journal on Numerical Analysis},
  volume={58},
  number={6},
  pages={3236--3261},
  year={2020}
}
@article{GuDao2024_Mamba,
  title={Mamba: Linear-Time Sequence Modeling with Selective State Spaces},
  author={Gu, Albert and Dao, Tri},
  journal={arXiv preprint arXiv:2312.00752},
  year={2024},
  note={Accepted at ICLR 2024}
}
@article{GMADDPG2023,
  title={Graph MADDPG with RNN for multiagent cooperative environment},
  author={Khan, M. A. and others},
  journal={Frontiers in Neurorobotics},
  volume={17},
  pages={1169535},
  year={2023}
}
@article{Hure2020,
    title={Deep backward dynamic programming for stochastic control problems},
    author={Hur{\'e}, Charles and Pham, Huy{\^e}n and Warin, Xavier},
    journal={Mathematics of Operations Research},
    volume={45},
    number={4},
    pages={1593--1628},
    year={2020}
}
@article{HuTang2016,
  title={Multi-dimensional backward stochastic differential equations of diagonally quadratic generators},
  author={Hu, Ying and Tang, Shanjian},
  journal={Stochastic Processes and their Applications},
  volume={126},
  number={4},
  pages={1066--1086},
  year={2016}
}
@book{KaratzasShreve1991,
  title={Brownian Motion and Stochastic Calculus (2nd ed.)},
  author={Karatzas, I. and Shreve, S. E.},
  year={1991},
  publisher={Springer}
}
@article{Kobylanski2000,
  title={Backward stochastic differential equations and partial differential equations with quadratic growth},
  author={Kobylanski, Magdalena},
  journal={The Annals of Probability},
  volume={28},
  number={2},
  pages={558--602},
  year={2000}
}
@article{MaYinZhang2008,
  title={On the numerical approximation of a class of infinite horizon BSDEs},
  author={Ma, J. and Yin, H. and Zhang, J.},
  journal={Stochastic Processes and their Applications},
  volume={118},
  number={6},
  pages={989--1005},
  year={2008}
}
@book{MaYong1999,
  title={Forward-backward stochastic differential equations and their applications},
  author={Ma, J. and Yong, J.},
  year={1999},
  publisher={Springer}
}
@book{Nualart2006,
  title={The Malliavin calculus and related topics (2nd ed.)},
  author={Nualart, D.},
  year={2006},
  publisher={Springer}
}
@article{PardouxPeng1990,
  title={Adapted solution of a backward stochastic differential equation},
  author={Pardoux, E. and Peng, S.},
  journal={Systems \& Control Letters},
  volume={14},
  number={1},
  pages={55--61},
  year={1990}
}
@incollection{PardouxPeng1992,
  title={Backward stochastic differential equations and quasilinear parabolic partial differential equations},
  author={Pardoux, E. and Peng, S.},
  booktitle={Stochastic partial differential equations and their applications},
  pages={200--217},
  year={1992},
  publisher={Springer}
}
@article{ParkTu2025,
  title={Integration Matters for Learning PDEs with Backwards SDEs},
  author={Park, S. and Tu, S.},
  journal={arXiv preprint arXiv:2505.01078},
  year={2025}
}
@inproceedings{MAGNet2019,
  title={MAGNet: Multi-agent graph network for deep multi-agent reinforcement learning},
  author={Qureshi, A. H. and others},
  booktitle={Proceedings of the 18th International Conference on Autonomous Agents and MultiAgent Systems},
  year={2019}
}
@inproceedings{Tancik2020,
  title={Fourier Features Let Networks Learn High Frequency Functions in Low Dimensional Domains},
  author={Tancik, Matthew and others},
  booktitle={Advances in Neural Information Processing Systems (NeurIPS)},
  volume={33},
  year={2020}
}
@article{Tevzadze2008,
  title={Solvability of backward stochastic differential equations with quadratic growth},
  author={Tevzadze, Revaz},
  journal={Stochastic Processes and their Applications},
  volume={118},
  number={3},
  pages={503--515},
  year={2008}
}
@article{Warin2024,
  title={A posteriori error estimates for deep learning solutions of {FBSDE}s},
  author={Warin, X.},
  journal={SIAM Journal on Scientific Computing},
  volume={46},
  number={3},
  pages={A1540--A1565},
  year={2024}
}
