@article{Ding2016,
  author  = {Peng Ding},
  title   = {On the Conditional Distribution of the Multivariate t Distribution},
  journal = {The American Statistician},
  year    = {2016},
  doi     = {10.1080/00031305.2016.1164756}
}
@article{cambanis1981_elliptical,
  author  = {Cambanis, Stamatis and Huang, Steel and Simons, Gordon},
  title   = {On the Theory of Elliptically Contoured Distributions},
  journal = {Journal of Multivariate Analysis},
  year    = {1981},
  volume  = {11},
  number  = {3},
  pages   = {368--385}
}
@book{fang_kotz_ng_1990,
  author    = {Fang, Kai-Tai and Kotz, Samuel and Ng, Kai-Wang},
  title     = {Symmetric Multivariate and Related Distributions},
  publisher = {Chapman and Hall/CRC},
  year      = {1990}
}
@misc{Kim2012,
  author = {Hyeongwoo Kim},
  title  = {Generalized Impulse Response Analysis: General or Extreme?},
  year   = {2012},
  howpublished = {Auburn University Working Paper}
}
@book{KilianLutkepohl2017,
  author = {Kilian, Lutz and L{\"u}tkepohl, Helmut},
  title = {Structural Vector Autoregressive Analysis},
  year = {2017},
  publisher = {Cambridge University Press}
}
@article{KoopPesaranPotter1996,
  author  = {Koop, Gary and Pesaran, M. Hashem and Potter, Simon M.},
  title   = {Impulse response analysis in nonlinear multivariate models},
  journal = {Journal of Econometrics},
  volume  = {74},
  number  = {1},
  pages   = {119--147},
  year    = {1996}
}
@article{Caldara2019,
  author = {Caldara, Dario and Herbst, Edward},
  title = {Monetary Policy, Real Activity, and Credit Spreads: Evidence from Bayesian Proxy SVARs},
  journal = {American Economic Journal: Macroeconomics},
  volume = {11},
  number = {1},
  pages = {157--87},
  year = {2019}
}
@article{Arias2018,
  author = {Arias, Jonas E. and Rubio-Ram{\'\i}rez, Juan F. and Waggoner, Daniel F.},
  title = {Inference Based on Structural Vector Autoregressions Identified with Sign and Zero Restrictions: Theory and Applications},
  journal = {Econometrica},
  volume = {86},
  number = {2},
  pages = {685--720},
  year = {2018}
}
@article{Gurkaynak2022,
  author = {G{\"u}rkaynak, Refet S. and K{\i}sac{\i}ko{\u{g}}lu, Bur{\c{c}}in},
  title = {Monetary policy and the slope of the term structure of interest rates},
  journal = {Journal of Monetary Economics},
  volume = {127},
  pages = {1--15},
  year = {2022}
}
@article{MirandaAgrippino2021,
  author = {Miranda-Agrippino, Silvia and Ricco, Giovanni},
  title = {The Transmission of Monetary Policy Shocks},
  journal = {American Economic Journal: Macroeconomics},
  volume = {13},
  number = {3},
  pages = {74--107},
  year = {2021}
}
@article{PesaranShin1998,
  author  = {Pesaran, M. Hashem and Shin, Yongcheol},
  title   = {Generalized impulse response analysis in linear multivariate models},
  journal = {Economics Letters},
  volume  = {58},
  number  = {1},
  pages   = {17--29},
  year    = {1998}
}
% Placeholder entry to support in-text citation; update details in main .bib
@misc{InoueKilian2022,
  author = {Inoue, Atsushi and Kilian, Lutz},
  title  = {Bayesian GIRFs and parameter uncertainty},
  year   = {2022},
  note   = {Update with exact journal and DOI in the main bibliography}
}
